@article{holandes,
 author = {Schreuder, Jan A. M.},
 title = {Combinatorial aspects of construction of competition Dutch Professional Football Leagues},
 journal = {Discrete Appl. Math.},
 volume = {35},
 number = {3},
 year = {1992},
 issn = {0166-218X},
 pages = {301--312},
 doi = {http://dx.doi.org/10.1016/0166-218X(92)90252-6},
 publisher = {Elsevier Science Publishers B. V.},
 address = {Amsterdam, The Netherlands, The Netherlands},
 }

