@article{90Schreuder,
	author="Jan A. M. Schreuder",
	title="Combinatorial aspects of construction of competition Dutch Professional Football Leagues",
	journal="Discrete Applied Mathematics",
	volume={35},
	pages={301-312},
	year={1990}
}

